% ****************************************************
% Article

@article{smyth2005limma,
  title={Limma: linear models for microarray data},
  author={Smyth, Gordon},
  journal={Bioinformatics and computational biology solutions using R and Bioconductor},
  pages={397--420},
  year={2005},
  publisher={Springer}
}

@article{sica2012macrophage,
  title={Macrophage plasticity and polarization: in vivo veritas},
  author={Sica, Antonio and Mantovani, Alberto},
  journal={The Journal of clinical investigation},
  volume={122},
  number={3},
  pages={787--795},
  year={2012},
  publisher={Am Soc Clin Investig}
}
@article{shi2006microarray,
  title={The MicroArray Quality Control (MAQC) project shows inter-and intraplatform reproducibility of gene expression measurements},
  author={Shi, Leming and Reid, Laura H and Jones, Wendell D and Shippy, Richard and Warrington, Janet A and Baker, Shawn C and Collins, Patrick J and De Longueville, Francoise and Kawasaki, Ernest S and Lee, Kathleen Y and others},
  journal={Nature biotechnology},
  volume={24},
  number={9},
  pages={1151--1161},
  year={2006},
  publisher={Nature Publishing Group}
}
@article{miller2002optimal,
  title={Optimal gene expression analysis by microarrays},
  author={Miller, Lance D and Long, Philip M and Wong, Limsoon and Mukherjee, Sayan and McShane, Lisa M and Liu, Edison T},
  journal={Cancer cell},
  volume={2},
  number={5},
  pages={353--361},
  year={2002},
  publisher={Elsevier}
}
@article{silver2009microarray,
  title={Microarray background correction: maximum likelihood estimation for the normal--exponential convolution},
  author={Silver, Jeremy D and Ritchie, Matthew E and Smyth, Gordon K},
  journal={Biostatistics},
  pages={kxn042},
  year={2009},
  publisher={Biometrika Trust}
}

% ****************************************************
% Book
@book{druaghici2016statistics,
  title={Statistics and data analysis for microarrays using R and bioconductor},
  author={Dr{\u{a}}ghici, Sorin},
  year={2016},
  publisher={CRC Press}
}